Date,Narration,Chq/Ref Number,Withdrawal (INR),Deposit (INR),Closing Balance (INR)
01-01-2026,CREDIT SALARY ABC CORP,PAYROLL/001,,85000.00,85000.00
02-01-2026,RENT PAYMENT TO LANDLORD,UPI/1001,15000.00,,70000.00
03-01-2026,SWIGGY FOOD ORDER,UPI/1002,450.00,,69550.00
03-01-2026,ZOMATO RESTAURANT,UPI/1003,620.00,,68930.00
04-01-2026,AMAZON ONLINE SHOPPING,UPI/1004,3499.00,,65431.00
05-01-2026,NETFLIX SUBSCRIPTION,SUB/101,649.00,,64782.00
05-01-2026,UBER TRIP AIRPORT,UPI/1005,450.00,,64332.00
06-01-2026,ELECTRICITY BILL JAN,BILL/201,2800.00,,61532.00
07-01-2026,JIO RECHARGE PREPAID,UPI/1006,2999.00,,58533.00
08-01-2026,DMART GROCERY STORE,UPI/1007,1850.00,,56683.00
09-01-2026,OLA CAB RIDE,UPI/1008,380.00,,56303.00
10-01-2026,SIP HDFC BALANCED FUND,SIP/301,5000.00,,51303.00
11-01-2026,ITC LIMITED SHARE PURCHASE,STK/401,1200.00,,50103.00
12-01-2026,ACT FIBERNET BROADBAND,BILL/202,999.00,,49104.00
13-01-2026,ZOMATO PIZZA DELIVERY,UPI/1009,540.00,,48564.00
14-01-2026,PHONE BILL POSTPAID,BILL/203,850.00,,47714.00
15-01-2026,AMAZON PRIME MEMBERSHIP,SUB/102,1499.00,,46215.00
16-01-2026,SWIGGY INSTAMART GROCERY,UPI/1010,780.00,,45435.00
17-01-2026,IRCTC TRAIN TICKET DELHI,TKT/501,1250.00,,44185.00
18-01-2026,DMART WEEKLY SHOPPING,UPI/1011,2340.00,,41845.00
19-01-2026,SIP AXIS BLUECHIP FUND,SIP/302,5000.00,,36845.00
20-01-2026,MAKEMYTRIP FLIGHT MUM-DEL,TKT/502,5200.00,,31645.00
21-01-2026,APOLLO MEDICAL CONSULT,UPI/1012,1500.00,,30145.00
22-01-2026,PIZZA HUT DINE-IN,UPI/1013,890.00,,29255.00
23-01-2026,FUEL INDIAN OIL PETROL,UPI/1014,500.00,,28755.00
24-01-2026,EMI CAR LOAN JANUARY,LOAN/601,12500.00,,16255.00
25-01-2026,MOBILE RECHARGE PREPAID,UPI/1015,349.00,,15906.00
26-01-2026,BIGBASKET ESSENTIALS,UPI/1016,1200.00,,14706.00
27-01-2026,SPOTIFY PREMIUM SUB,SUB/103,119.00,,14587.00
28-01-2026,GOOGLE ONE STORAGE,SUB/104,130.00,,14457.00
28-01-2026,AMAZON PAY LATER PAYMENT,UPI/1017,2500.00,,11957.00
29-01-2026,INTERNATIONAL TRANSACTION FEE,FX/701,200.00,,11757.00
30-01-2026,ATM WITHDRAWAL ICICI,ATM/801,5000.00,,6757.00
31-01-2026,SWIGGY NEW YEAR SPECIAL,UPI/1018,620.00,,6137.00
31-01-2026,NPS CONTRIBUTION JAN,NPS/901,3000.00,,3137.00
01-02-2026,CREDIT SALARY ABC CORP,PAYROLL/002,,85000.00,88137.00
02-02-2026,RENT PAYMENT FEB,UPI/1019,15000.00,,73137.00
03-02-2026,NETFLIX SUBSCRIPTION,SUB/105,649.00,,72488.00
04-02-2026,ZOMATO LUNCH ORDER,UPI/1020,450.00,,72038.00
05-02-2026,ELECTRICITY BILL FEB,BILL/204,3100.00,,68938.00
06-02-2026,FLIPKART ELECTRONICS SALE,UPI/1021,7999.00,,60939.00
07-02-2026,UBER DAILY COMMUTE,UPI/1022,320.00,,60619.00
08-02-2026,SIP HDFC BALANCED FUND,SIP/303,5000.00,,55619.00
09-02-2026,ACT FIBERNET BROADBAND,BILL/205,999.00,,54620.00
10-02-2026,AMAZON PAY RECHARGE,UPI/1023,1000.00,,53620.00
11-02-2026,DMART GROCERY STORE,UPI/1024,2100.00,,51520.00
12-02-2026,EMI CAR LOAN FEBRUARY,LOAN/602,12500.00,,39020.00
13-02-2026,SIP AXIS BLUECHIP FUND,SIP/304,5000.00,,34020.00
14-02-2026,SPOTIFY PREMIUM SUB,SUB/106,119.00,,33901.00
15-02-2026,SWIGGY VALENTINE ORDER,UPI/1025,380.00,,33521.00
16-02-2026,PHONE BILL POSTPAID,BILL/206,850.00,,32671.00
17-02-2026,GOOGLE ONE STORAGE,SUB/107,130.00,,32541.00
18-02-2026,MAKEMYTRIP HOTEL BOOKING,TKT/503,3450.00,,29091.00
19-02-2026,ZOMATO DINNER DELIVERY,UPI/1026,620.00,,28471.00
20-02-2026,ATM WITHDRAWAL HDFC,ATM/802,4000.00,,24471.00
21-02-2026,INVESTMENT PPF DEPOSIT,PPF/402,12500.00,,11971.00
22-02-2026,JIO RECHARGE PREPAID,UPI/1027,2999.00,,8972.00
23-02-2026,DMART SHOPPING STORE,UPI/1028,1870.00,,7102.00
24-02-2026,MEDICAL STORE MEDICINES,UPI/1029,450.00,,6652.00
25-02-2026,INTL TRANSACTION FEE,FX/702,200.00,,6452.00
26-02-2026,BIGBASKET MONTHLY ORDER,UPI/1030,1550.00,,4902.00
27-02-2026,NPS CONTRIBUTION FEB,NPS/902,3000.00,,1902.00
28-02-2026,REFUND FLIPKART CANCELLATION,REF/001,,2500.00,4402.00
01-03-2026,CREDIT SALARY ABC CORP,PAYROLL/003,,85000.00,89402.00
02-03-2026,RENT PAYMENT MAR,UPI/1031,15000.00,,74402.00
03-03-2026,SWIGGY LUNCH DEAL,UPI/1032,350.00,,74052.00
03-03-2026,ZOMATO BIRYANI HOUSE,UPI/1033,480.00,,73572.00
04-03-2026,AMAZON GROCERY SUPPLIES,UPI/1034,1899.00,,71673.00
05-03-2026,NETFLIX SUBSCRIPTION,SUB/108,649.00,,71024.00
06-03-2026,UBER TRIP TO AIRPORT,UPI/1035,520.00,,70504.00
07-03-2026,ELECTRICITY BILL MAR,BILL/207,3200.00,,67304.00
08-03-2026,JIO RECHARGE PREPAID,UPI/1036,2999.00,,64305.00
09-03-2026,DMART GROCERY STORE,UPI/1037,2100.00,,62205.00
10-03-2026,OLA CAB CITY RIDE,UPI/1038,290.00,,61915.00
11-03-2026,SIP HDFC BALANCED FUND,SIP/305,5000.00,,56915.00
12-03-2026,INFOSYS STOCK PURCHASE,STK/403,2500.00,,54415.00
13-03-2026,ACT FIBERNET BROADBAND,BILL/208,999.00,,53416.00
14-03-2026,ZOMATO FOOD DELIVERY,UPI/1039,650.00,,52766.00
15-03-2026,PHONE BILL POSTPAID,BILL/209,850.00,,51916.00
16-03-2026,AMAZON PRIME RENEWAL,SUB/109,1499.00,,50417.00
17-03-2026,SWIGGY INSTAMART ORDER,UPI/1040,820.00,,49597.00
18-03-2026,IRCTC TRAIN TICKET MUMBAI,TKT/504,980.00,,48617.00
19-03-2026,DMART WEEKLY STORE,UPI/1041,1950.00,,46667.00
20-03-2026,SIP AXIS BLUECHIP FUND,SIP/306,5000.00,,41667.00
21-03-2026,MAKEMYTRIP BUS TICKET,TKT/505,1200.00,,40467.00
22-03-2026,FORTIS HEALTH CHECKUP,UPI/1042,2500.00,,37967.00
23-03-2026,DOMINOS PIZZA DELIVERY,UPI/1043,750.00,,37217.00
24-03-2026,EMI CAR LOAN MARCH,LOAN/603,12500.00,,24717.00
25-03-2026,FUEL HPCL PETROL PUMP,UPI/1044,600.00,,24117.00
26-03-2026,BIGBASKET MONTHLY STORE,UPI/1045,1350.00,,22767.00
27-03-2026,SPOTIFY PREMIUM SUB,SUB/110,119.00,,22648.00
28-03-2026,GOOGLE ONE SUBSCRIPTION,SUB/111,130.00,,22518.00
29-03-2026,AMAZON FASHION SALE,UPI/1046,4200.00,,18318.00
30-03-2026,NPS CONTRIBUTION MAR,NPS/903,3000.00,,15318.00
30-03-2026,INTERNATIONAL TXN FEE,FX/703,200.00,,15118.00
31-03-2026,ATM WITHDRAWAL ICICI,ATM/803,4000.00,,11118.00
31-03-2026,HDFC BANK CASHBACK REWARD,CBD/002,,750.00,11868.00
